@book{descartes1986meditations,
  author    = {Descartes, René},
  title     = {Meditations on first philosophy: with selections from the Objections and Replies},
  publisher = {Cambridge University Press},
  year      = {1986},
  address   = {Cambridge Cambridgeshire New York},
  isbn      = {9780521558181}
}
@book{descartes1998discourse,
  author    = {Descartes, René},
  title     = {Discourse on method and Meditations on first philosophy},
  publisher = {Hackett Pub},
  year      = {1998},
  address   = {Indianapolis},
  isbn      = {9780872204201}
}
@book{einstein2001relativity,
  author    = {Einstein, Albert},
  title     = {Relativity: the special and general theory},
  publisher = {Routledge},
  year      = {2001},
  address   = {New York},
  isbn      = {9780415253840}
}
@book{gottlieb2016the,
  author    = {Gottlieb, Anthony},
  title     = {The dream of enlightenment: the rise of modern philosophy},
  publisher = {Allen Lane},
  year      = {2016},
  address   = {Great Britain},
  isbn      = {9780713995442}
}
@book{hawking1988a,
  author    = {Hawking, Stephen},
  title     = {A brief history of time: from the big bang to black holes},
  publisher = {Bantam},
  year      = {1988},
  address   = {London},
  isbn      = {9780857501004}
}
@book{hawking2006the,
  author    = {Hawking, Stephen},
  title     = {The theory of everything: the origin and fate of the universe},
  publisher = {Jaico Pub. House Published in arrangement with Phoenix Books},
  year      = {2006},
  address   = {Mumbai Beverly Hills, Calif},
  isbn      = {8179925919}
}
@book{hawking2008a,
  author    = {Hawking, Stephen},
  title     = {A briefer history of time},
  publisher = {Bantam Dell},
  year      = {2008},
  address   = {New York},
  isbn      = {9780593056974}
}
@book{jung2017modern,
  author    = {Jung, C. G.},
  title     = {Modern man in search of a soul},
  publisher = {Martino Fine Books},
  year      = {2017},
  address   = {Eastford, CT},
  isbn      = {9781684220908}
}
@book{nietzsche2014beyond,
  author    = {Nietzsche, Friedrich},
  title     = {Beyond good and evil},
  publisher = {Millennium Publications},
  year      = {2014},
  address   = {San Bernardino, CA},
  isbn      = {9781503250888}
}
@book{penrose2011cycles,
  author    = {Penrose, Roger},
  title     = {Cycles of Time: an extraordinary new view of the universe},
  publisher = {Vintage Books},
  year      = {2011},
  address   = {London},
  isbn      = {9780099505945}
}